<?xml version="1.0" encoding="UTF-8"?><collection xmlns="http://www.loc.gov/MARC21/slim"><record><leader>00588nam--2200181-i-4500</leader><controlfield tag="001">000031412</controlfield><controlfield tag="002">20161230</controlfield><controlfield tag="005">20161230201038</controlfield><controlfield tag="008">060222s1000------------r-----000-0-eng-d</controlfield><datafield ind1=" " ind2=" " tag="020"><subfield code="a">0306403331</subfield></datafield><datafield ind1=" " ind2=" " tag="040"><subfield code="a">IFIN-HH</subfield></datafield><datafield ind1=" " ind2=" " tag="080"><subfield code="a">539.184.56(035.5)535.33</subfield></datafield><datafield ind1="1" ind2=" " tag="100"><subfield code="a">Mcguire, G.E</subfield></datafield><datafield ind1="1" ind2="0" tag="245"><subfield code="a">Auger electron spectroscopy reference manual</subfield><subfield code="b">A book of standard spectra for identification and interpretation of auger electron spectroscopy data</subfield><subfield code="c">G.e. mcguire</subfield></datafield><datafield ind1=" " ind2=" " tag="260"><subfield code="a">New York</subfield><subfield code="b">Plenum Press</subfield><subfield code="c">1979</subfield></datafield><datafield ind1=" " ind2=" " tag="300"><subfield code="a">IX + PAG.DIF</subfield></datafield><datafield ind1=" " ind2=" " tag="852"><subfield code="a">49205</subfield><subfield code="c">539.18</subfield></datafield><datafield ind1=" " ind2=" " tag="CAT"><subfield code="a">Sys</subfield><subfield code="c">20120706</subfield><subfield code="h">113316</subfield></datafield></record></collection>